@book{/content/publication/3197152b-en,
    author = {OECD},
    title = {Education at a Glance 2022},
    booktitle = {Education at a Glance 2022},
    year = {2022},
    pages = {462},
    url = "https://www.oecd-ilibrary.org/content/publication/3197152b-en",
    doi = "https://doi.org/10.1787/3197152b-en",
    note = "[Online; accessed 19-April-2023]"
}

@incollection{educationParticipantsOECD,
    title = {Who participates in education?},
    pages = {133},
    crossref = {/content/publication/3197152b-en}
}

@incollection{levelAdultsStudiedOECD,
    title = {To what level have adults studied?},
    pages = {36-37},
    crossref = {/content/publication/3197152b-en}
}

@misc{in2med,
    author = {Carina Luxhoj},
    title = {How I Use Flashcards To Study Efficiently},
    howpublished = {\url{https://in2med.co.uk/how-i-use-flashcards-to-study-efficiently/}},
    note = {[Online; accessed 19-April-2023]}
}

@article{journalEducation,
    author = {Dr. Oluwakemi Olurinola, Dr. Omoniyi Tayo},
    title = {Colour in Learning: It’s Effect on the Retention Rate of Graduate Students},
    year = {2015},
    publisher = {CARI Journals USA LLC.},
    address = {New York, NY, USA},
    volume = {6},
    number = {14},
    issn = {2222-1735 (Paper), 2222-288X (Online)},
    url = {https://doi.org/10.7176/JEP},
    doi = {10.7176/JEP},
    journal = {Journal of Education and Practice},
    pages = {4-5},
    numpages = {2}
}

@misc{etsyPaperFlashCardsMedicine,
    author = {medstudentflashcards},
    title = {Medicine study flashcards bundle | PDF},
    howpublished = {\url{https://www.etsy.com/listing/870238971/medicine-study-flashcards-bundle-pdf}},
    note = {[Online; accessed 19-April-2023]}
}

@misc{lindsayPaperFlashCardsKanji,
    author = {Lindsay},
    title = {6 Ways to Use Flashcards for Language Learning + GIVEAWAY!},
    howpublished = {\url{https://www.lindsaydoeslanguages.com/6-ways-to-use-flashcards-for-language -learning-giveaway/}},
    note = {[Online; accessed 19-April-2023]}
}

@misc{anki,
    title = {Anki},
    howpublished = {\url{https://apps.ankiweb.net/}},
    note = {[Online; accessed 20-April-2023]}
}

@misc{memrise,
    title = {Memrise},
    howpublished = {\url{https://www.memrise.com/}},
    note = {[Online; accessed 20-April-2023]}
}

@misc{quizlet,
    title = {Quizlet},
    howpublished = {\url{https://quizlet.com/}},
    note = {[Online; accessed 20-April-2023]}
}

@misc{brainscape,
    title = {Brainscape},
    howpublished = {\url{https://www.brainscape.com/spaced-repetition?ref=brainscape.com}},
    note = {[Online; accessed 20-April-2023]}
}

@misc{mathpixOCR,
    author = {Mathpix},
    title = {Mathpix - OCR API for STEM},
    howpublished = {\url{https://mathpix.com/ocr}},
    note = {[Online; accessed 20-April-2023]}
}

@misc{mathpixApiReqParam,
    author = {Mathpix},
    title = {Process an image - Request parameters},
    howpublished = {\url{https://docs.mathpix.com/\#request-parameters}},
    note = {[Online; accessed 20-April-2023]}
}

@misc{sharpImageCompression,
    title = {sharp - High performance Node.js image processing},
    howpublished = {\url{https://sharp.pixelplumbing.com/}},
    note = {[Online; accessed 20-April-2023]}
}

@misc{awsS3,
    title = {Amazon S3},
    howpublished = {\url{https://aws.amazon.com/s3/}},
    note = {[Online; accessed 20-April-2023]}
}

@misc{docker,
    title = {Docker overview},
    howpublished = {\url{https://docs.docker.com/get-started/overview/}},
    note = {[Online; accessed 20-April-2023]}
}

@misc{grpcFAQ,
    author = {gRPC Authors},
    title = {What is gRPC? FAQ},
    howpublished = {\url{https://grpc.io/docs/what-is-grpc/faq/}},
    note = {[Online; accessed 20-April-2023]}
}

@misc{grpcCNCF,
    title = {gRPC},
    howpublished = {\url{https://www.cncf.io/projects/grpc/}},
    note = {[Online; accessed 20-April-2023]}
}

@misc{grpcIO,
    author = {gRPC Authors},
    title = {gRPC - A high performance, open source universal RPC framework},
    howpublished = {\url{https://grpc.io/}},
    note = {[Online; accessed 20-April-2023]}
}

@misc{grpcIntro,
    author = {gRPC Authors},
    title = {Introduction to gRPC},
    howpublished = {\url{https://grpc.io/docs/what-is-grpc/introduction/}},
    note = {[Online; accessed 20-April-2023]}
}

@misc{goDev,
    author = {Google},
    title = {Build simple, secure, scalable systems with Go},
    howpublished = {\url{https://go.dev/\#}},
    note = {[Online; accessed 20-April-2023]}
}

@incollection{goDevMatt,
    author = {Matt Boyle, Lead Software Engineer at Curve},
    crossref = {goDev}
}

@misc{goWebDev,
    author = {Google},
    title = {Go for Web Development},
    howpublished = {\url{https://go.dev/solutions/webdev}},
    note = {[Online; accesed 20-April-2023]}
}

@misc{goCloud,
    author = {Google},
    title = {Go for Cloud \& Network Services},
    howpublished = {\url{https://go.dev/solutions/cloud}},
    note = {[Online; accessed 20-April-2023]}
}

@misc{goCLIs,
    author = {Google},
    title = {Command-line Interfaces (CLIs)},
    howpublished = {\url{https://go.dev/solutions/clis}},
    note = {[Online; accessed 20-April-2023]}
}

@misc{goReleases,
    author = {Google},
    title = {Go - All releases},
    howpublished = {\url{https://go.dev/dl/}},
    note = {[Online; accessed 20-April-2023]}
}

@misc{goSTDLibrary,
    title = {Standard library},
    howpublished = {\url{https://pkg.go.dev/std}},
    note = {[Online; accessed 20-April-2023]}
}

@misc{goCryptoModule,
    title = {Go Cryptography},
    howpublished = {\url{https://pkg.go.dev/golang.org/x/crypto}},
    note = {[Online; accessed 20-April-2023]}
}

@misc{goByExample,
    title = {Go by Example},
    author = {Mark McGranaghan and Eli Bendersky},
    howpublished = {\url{https://gobyexample.com/}},
    note = {[Online; accessed 20-April-2023]}
}

@misc{goByExampleStructs,
    title = {Go by Example: Structs},
    author = {Mark McGranaghan and Eli Bendersky},
    howpublished = {\url{https://gobyexample.com/structs}},
    note = {[Online; accessed 20-April-2023]}
}

@misc{goByExampleMethods,
    title = {Go by Example: Methods},
    author = {Mark McGranaghan and Eli Bendersky},
    howpublished = {\url{https://gobyexample.com/methods}},
    note = {[Online; accessed 20-April-2023]}
}

@misc{goByExampleInterfaces,
    title = {Go by Example: Interfaces},
    author = {Mark McGranaghan and Eli Bendersky},
    howpublished = {\url{https://gobyexample.com/interfaces}},
    note = {[Online; accessed 20-April-2023]}
}

@misc{goByExampleStructEmbedding,
    title = {Go by Example: Struct Embedding},
    author = {Mark McGranaghan and Eli Bendersky},
    howpublished = {\url{https://gobyexample.com/struct-embedding}},
    note = {[Online; accessed 20-April-2023]}
}

@misc{postgresqlAbout,
    title = {PostgreSQL About},
    author = {The PostgreSQL Global Development Group},
    howpublished = {\url{https://www.postgresql.org/about/}},
    note = {[Online; accessed 22-April-2023]}
}

@misc{postgresqlSupportedPlatforms,
    title = {17.6. Supported Platforms},
    author = {The PostgreSQL Global Development Group},
    howpublished = {\url{https://www.postgresql.org/docs/current/supported-platforms.html}},
    note = {[Online; accessed 22-April-2023]}
}

@misc{gormTest,
    title = {GORM tests from source code},
    howpublished = {\url{https://github.com/go-gorm/gorm/tree/master/tests}},
    note = {[Online; accessed 20-April-2023]}
}

@misc{gormOverview,
    title = {GORM Overview},
    author = {Jinzhu},
    howpublished = {\url{https://gorm.io/docs/}},
    note = {[Online; accessed 20-April-2023]}
}

@misc{twilioAuthChannels,
    title = {Twilio - Verification Channels},
    howpublished = {\url{https://www.twilio.com/docs/verify/authentication-channels}},
    note = {[Online; accessed 20-April-2023]}
}

@misc{twilioEmail2FATradeoffs,
    title = {Is email based 2FA a good idea?},
    author = {Kelley Robinson},
    howpublished = {\url{https://www.twilio.com/blog/email-2fa-tradeoffs}},
    note = {[Online; accessed 20-April-2023]}
}

@misc{twilioVerification,
    title = {Twilio Docs - Verifications - Check a Verification},
    howpublished = {\url{https://www.twilio.com/docs/verify/api/verification-check}},
    note = {[Online; accessed 20-April-2023]}
}

@misc{twilioVerifyEmail,
    title = {Twilio Docs - Send Email Verifications with Verify and Twilio SendGrid},
    howpublished = {\url{https://www.twilio.com/docs/verify/email}},
    note = {[Online; accessed 20-April-2023]}
}

@misc{twilioGoSDK,
    title = {twilio-go},
    howpublished = {\url{https://github.com/twilio/twilio-go}},
    note = {[Online; accessed 20-April-2023]}
}

@misc{s3Folders,
    title = {Organizing objects in the Amazon S3 console using folders},
    howpublished = {\url{https://docs.aws.amazon.com/AmazonS3/latest/userguide/using-folders.html}},
    note = {[Online; accessed 20-April-2023]}
}

@misc{s3PresignedUploadURL,
    title = {Generating a presigned URL to upload an object},
    howpublished = {\url{https://docs.aws.amazon.com/AmazonS3/latest/userguide/PresignedUrlUploadObject.html}},
    note = {[Online; accessed 20-April-2023]}
}

@misc{s3PresignedDownloadURL,
    title = {Sharing objects using presigned URLs},
    howpublished = {\url{https://docs.aws.amazon.com/AmazonS3/latest/userguide/ShareObjectPreSignedURL.html}},
    note = {[Online; accessed 20-April-2023]}
}

@misc{goCryptographicRNG,
    title = {go rand Documentation},
    howpublished = {\url{https://pkg.go.dev/crypto/rand}},
    note = {[Online; accessed 20-April-2023]}
}

@misc{passwordHashingCompetition,
    title = {Password Hashing Competition},
    author = {inițiator: Jean-Philippe Aumasson},
    howpublished = {\url{https://www.password-hashing.net/}},
    note = {[Online; accessed 20-April-2023]}
}

@misc{phcWinnerArgon,
    title = {Argon2: the memory-hard function for password hashing and other applications},
    author = {Alex Biryukov, Daniel Dinu, and Dmitry Khovratovich University of Luxembourg, Luxembourg},
    year = {2017},
    howpublished = {\url{https://github.com/P-H-C/phc-winner-argon2/blob/master/argon2-specs.pdf}},
    note = {[Online; accessed 20-April-2023]}
}

@misc{owaspPasswordHashing,
    title = {Password Storage Cheat Sheet},
    author = {OWASP - CheatSheets Series Team},
    howpublished = {\url{https://cheatsheetseries.owasp.org/cheatsheets/Password_Storage_Cheat_Sheet.html\#password-hashing-algorithms}},
    note = {[Online; accessed 20-April-2023]}
}

@misc{goXCrypto,
    title = {argon2 Documentation},
    howpublished = {\url{https://pkg.go.dev/golang.org/x/crypto@v0.8.0/argon2}},
    note = {[Online; accessed 26-April-2023]}
}

@misc{sqlite,
    title = {What Is SQLite?},
    howpublished = {\url{https://sqlite.org/index.html}},
    note = {[Online; accessed 30-April-2023]}
}

@misc{sqliteFeatures,
    title = {SQLite - Full-Featured SQL},
    howpublished = {\url{https://sqlite.org/fullsql.html}},
    note = {[Online; accessed 30-April-2023]}
}

@misc{sqliteReliability,
    title = {SQLite - High Reliability },
    howpublished = {\url{https://sqlite.org/hirely.html}},
    note = {[Online; accessed 30-April-2023]}
}

@misc{sqliteDatatypes,
    title = {Datatypes In SQLite},
    howpublished = {\url{https://www.sqlite.org/datatype3.html}},
    note = {[Online; accessed 30-April-2023]}
}

@misc{flutter,
    title = {Flutter - Build apps for any screen},
    howpublished = {\url{https://flutter.dev/}},
    note = {[Online; accessed 30-April-2023]}
}

@misc{dartOverview,
    title = {Dart overview},
    howpublished = {\url{https://dart.dev/overview}},
    note = {[Online; accessed 30-April-2023]}    
}

@misc{dartCoreLibs,
    title = {Dart - Core libraries},
    howpublished = {\url{https://dart.dev/guides/libraries}},
    note = {[Online; accessed 30-April-2023]}
}

@misc{flutterWidgets,
    title = {Flutter - Introduction to widgets},
    howpublished = {\url{https://docs.flutter.dev/ui/widgets-intro}},
    note = {[Online; accessed 30-April-2023]}
}

@misc{dartBasics,
    title = {Introduction to Dart},
    howpublished = {\url{https://dart.dev/language}},
    note = {[Online; accessed 30-April-2023]}
}

@book{introductionAlgorithms,
    author = {Thomas H. Cormen and Charles E. Leiserson and Ronald L. Rivest and Clifford Stein},
    title = {Introduction to Algorithms},
    edition = {3},
    year = {2009},
    isbn = {9780262033848},
    publisher = {The MIT Press}
}

@misc{ankiImageExample,
    author = {Helmut},
    title = {How to Create Anki 2 Vocabulary Flash Cards},
    howpublished = {\url{https://remembereverything.org/anki-2-vocabulary-flash-cards/}},
    note = {[Online; accessed 1-June-2023]}
}

@misc{memriseImageExample,
    title = {Memrise: AI Language Learning},
    howpublished = {\url{https://play.google.com/store/apps/details?id=com.memrise.android.memrisecompanion}},
    note = {[Online; accessed 1-June-2023]}
}

@misc{quizletImageExample,
    title = {Quizlet: Languages \& Vocab},
    howpublished = {\url{https://play.google.com/store/apps/details?id=com.quizlet.quizletandroid&hl=en&gl=US}},
    note = {[Online; accessed 1-June-2023]}
}

@misc{brainscapeImageExample,
    title = {Brainscape: Smarter Flashcards},
    howpublished = {\url{https://play.google.com/store/apps/details?id=com.brainscape.mobile.portal&hl=en&gl=US}},
    note = {[Online; accessed 1-June-2023]}
}